924 1427
271 102 71 15 Motioner
354 101 4 14 i
371 100 49 15 Andra
431 99 88 16 kammaren,
532 98 22 14 Nr
566 97 34 14 At5,
801 91 10 15 3

220 282 28 18 Av
262 281 43 19 herr
318 280 93 22 Paulsen,
425 279 7 17 i
445 277 98 24 anledning
557 282 22 12 av
594 274 65 25 Kungl.
675 273 63 24 Maj:ts
750 277 64 19 propo-

271 307 58 22 sition,
351 312 22 12 nr
387 305 42 22 150,
446 304 40 18 med
497 302 74 26 förslag
585 300 28 19 till
626 300 30 24 lag
670 305 28 13 om
712 297 103 20 samhällets

271 331 104 20 barnavård
388 337 23 12 m.
426 336 23 12 m.

92 390 9 16 I
119 388 63 21 Kungl.
197 387 60 21 Maj:ts
274 385 109 23 proposition
401 390 21 10 nr
442 383 35 17 150
496 381 77 17 föreslås,
588 381 25 16 att
626 376 190 20 barnavårdsnämnden

68 415 43 17 skall
125 415 69 21 utgöras
207 419 26 10 av:

94 440 15 22 a)
123 439 125 23 Kyrkoherden
262 438 6 16 i
282 437 121 21 församlingen
417 435 41 17 eller
473 434 43 16 hans
530 431 148 18 ställföreträdare.

93 466 18 21 b)
125 467 26 16 En
170 465 75 17 ledamot
263 469 20 11 av
301 463 114 16 kommunens
430 458 175 23 fattigvårdsstyrelse
619 457 32 16 och
665 462 20 11 en
699 455 29 17 vid
742 455 75 16 kommu-

69 498 43 12 nens
125 491 95 18 folkskolor
233 489 75 17 anställd
321 489 53 16 lärare
389 487 41 17 eller
443 486 91 17 lärarinna.

95 518 14 21 ce)
123 518 56 17 Minst
197 517 28 16 två
243 516 53 16 andra
314 515 26 16 för
357 514 27 16 nit
402 513 32 16 och
452 512 74 16 intresse
544 511 26 16 för
583 510 49 16 barn-
646 508 32 17 och
692 506 127 22 ungdomsvård

69 544 56 18 kända
139 545 38 15 män
191 543 33 16 och
237 542 78 19 kvinnor,
329 540 46 17 vilka
388 539 53 21 väljas
455 544 21 11 av
490 538 109 17 kommunen,
614 536 44 16 samt
671 534 6 16 i
687 533 38 17 stad
735 538 20 11 av
764 532 54 17 stads-

69 571 56 17 läkare
139 570 42 16 eller
194 574 56 11 annan
264 573 20 11 av
297 567 61 17 staden
372 565 58 17 därtill
443 563 65 18 utsedd
521 563 61 16 läkare.

96 597 57 16 Härav
171 596 78 20 framgår,
267 595 26 15 att
310 590 191 19 barnavårdsnämnden
520 589 6 16 i
544 590 36 15 stor
593 586 118 21 utsträckning
724 585 96 21 rekryteras

71 628 60 17 genom
145 620 147 23 självskrivenhet,
307 619 32 16 och
353 618 29 17 det
396 622 52 17 synes
461 616 36 21 mig
510 614 121 23 egendomligt,
643 613 25 16 att
681 617 39 11 man
730 611 14 21 ej
755 611 65 16 kunnat

71 650 46 16 finna
135 649 28 16 två
176 652 83 17 personer
272 645 27 17 till
312 645 6 16 i
331 643 129 21 församlingen,
475 647 38 11 som
526 641 66 16 kunnat
605 640 50 21 göras
669 637 118 22 självskrivna,
802 636 19 16 så

71 675 44 17 hade
129 680 38 11 man
181 673 19 21 ju
213 672 36 17 helt
262 672 90 21 besparats
366 670 79 16 besväret
458 669 26 15 att
497 667 44 21 välja
554 666 99 17 ledamöter.

98 700 59 22 Enligt
174 699 36 17 min
228 698 69 21 mening
315 698 18 15 är
353 694 95 18 emellertid
463 694 23 16 all
500 691 142 24 självskrivenhet
655 696 20 10 av
689 689 51 17 ondo.
769 688 52 21 Själv-

73 726 120 18 skrivenheten
213 724 48 17 leder
280 723 62 17 endast
362 722 27 16 till
406 720 105 22 likgiltighet
529 719 32 16 och
579 717 82 17 slentrian
677 716 33 16 och
724 715 98 20 utestänger

73 754 45 21 varje
132 752 89 21 möjlighet
234 752 26 15 att
273 751 17 15 få
303 749 33 17 den
350 749 26 16 för
390 747 97 17 ändamålet
501 745 108 22 lämpligaste
622 743 33 16 och
667 742 56 17 bäste.

99 779 41 17 Med
153 777 94 21 anledning
260 782 21 11 av
294 775 30 17 det
337 774 72 17 anförda
422 773 64 17 tillåter
499 772 29 21 jag
541 771 35 21 mig
588 769 68 17 föreslå,

233 821 25 15 att
276 818 90 22 riksdagen
385 818 52 15 måtte
455 815 69 17 besluta
538 820 21 11 en
573 813 53 17 sådan
640 812 72 21 ändring
725 816 20 11 av
759 809 63 22 Kungl.

209 846 60 21 Maj:ts
286 845 64 20 förslag
368 844 5 15 i
391 843 32 16 vad
442 842 29 16 det
489 846 49 12 avser
550 837 178 20 barnavårdsnämnds
742 841 82 12 samman-

210 872 81 21 sättning,
306 872 26 15 att
345 870 23 16 all
382 867 143 24 självskrivenhet
538 866 101 18 försvinner,

236 899 25 15 att
278 894 191 19 barnavårdsnämnden
483 894 70 21 utgöres
567 898 20 10 av
601 891 52 17 minst
666 890 34 16 fem
713 889 27 16 för
754 888 25 17 nit
793 888 32 16 och

210 924 74 17 intresse
298 923 26 16 för
336 922 49 16 barn-
400 921 32 16 och
446 918 128 23 ungdomsvård
587 917 56 17 kända
656 917 39 15 män
705 915 32 16 och
746 914 78 19 kvinnor,

211 950 45 17 vilka
269 949 53 21 väljas
336 954 20 11 av
370 948 109 16 kommunen.

237 976 109 16 Kommunen
366 975 48 15 utser
434 972 53 17 bland
510 968 200 19 barnavårdsnämndens
733 966 94 17 ledamöter

211 1001 102 18 ordförande
334 1000 32 17 och
384 999 36 17 vice
439 997 103 18 ordförande
560 997 25 16 att
603 995 94 22 tjänstgöra
714 993 27 16 för
754 992 33 17 den
801 992 26 16 tid

212 1029 21 16 de
247 1029 29 15 äro
290 1027 49 16 valde
354 1026 26 16 till
394 1025 99 17 ledamöter.

238 1054 93 16 Dessutom
346 1052 82 19 anhålles,
443 1051 26 16 att
482 1050 85 16 utskottet
581 1048 51 16 måtte
645 1045 92 18 formulera
748 1044 32 17 den
790 1044 36 17 här-

214 1081 26 16 för
254 1079 110 21 erforderliga
377 1078 92 21 lagtexten.

105 1111 99 18 Stockholm
218 1111 34 16 den
267 1110 10 16 5
291 1109 43 22 april
350 1108 54 17 1924.

647 1146 65 16 Anders
725 1144 77 20 Paulsen,

705 1169 48 13 Arlöv.
